
@online{GuíaParaLaVida,
	author = {{el VLad}},
	date = {1985-08-11},
	language = {spanish},
	title = {Guía para la vida por el VLad},
	url = {https://www.e-conomics.net},
	urldate = {2025-10-01},
}
